@unpublished{KimXiangKennedy:2014,
	Author = {Christina Kim and Ming Xiang and Chris Kennedy},
	Note = {Poster presented at the 88th Annual Meeting of the Linguistic Society of America, Minneapolis},
	Title = {Shiftability and goal-dependence in gradable adjectives},
	Year = {2014}}
	
@unpublished{LeffelXiangKennedy:2016,
	Author = {Timothy Leffel and Ming Xiang and Chris Kennedy},
	Note = {Talk at the 90th Annual Meeting of the Linguistic Society of America, Washington, DC},
	Title = {Context and world knowledge in gradable adjective interpretation},
	Year = {2016}}
	
@unpublished{FoppoloPanzieri:2011,
	Author = {Francesca Foppolo and Francesca Panzeri. },
	Note = {Paper presented at the 31st Incontro di Grammatica Generativa, Rome},
	Title = {When straight means relatively straight and big means absolutely big},
	Year = {2011}}